%% report.bib - contains BiBtex input for bibliography

@misc{tango-controls,
    title = "TANGO-controls framework",
    howpublished = "\url{https://www.tango-controls.org/}",
    note = "(Accessed: 5 October 2020)" }

@misc{tango-grafana,
    title = "TANGO-Grafana",
    howpublished = "\url{https://gitlab.com/ska-telescope/TANGO-grafana}",
    note = "(Accessed: 27 October 2020)"}

@misc{SKAMPI,
    title = "SKAMPI - SKA Mvp Prototype Integration",
    howpublished = "\url{https://gitlab.com/ska-telescope/skampi/}",
    note = "(Accessed: 21 October 2020)"}

@misc{prometheus,
    title = "Prometheus",
    howpublished = "\url{https://prometheus.io/}",
    note = "(Accessed: 21 October 2020)"}

@misc{grafana,
    title = "Grafana",
    howpublished = "\url{https://grafana.com/}",
    note = "(Accessed: 24 October 2020)"}

@misc{tsdb,
    title = "TSDB format",
    howpublished = "\url{https://github.com/prometheus/prometheus/tree/release-2.22/tsdb/docs/format}",
    note = "(Accessed: 24 October 2020)"}

@misc{openstack,
    title = "Openstack",
    howpublished = "\url{https://www.openstack.org/}",
    note = "(Accessed: 21 October 2020)"}
    
@misc{kubernetes,
    title = "Kubernetes",
    howpublished = "\url{https://kubernetes.io/}",
    note = "(Accessed: 12 October 2020)"}

@misc{helm,
    title = "Helm",
    howpublished = "\url{https://helm.sh}",
    note = "(Accessed: 5 October 2020)"}
    
@misc{elastic,
    title = "Elasticsearch",
    howpublished = "\url{https://www.elastic.co/}",
    note = "(Accessed: 23 October 2020)"}
    
@misc{ceph,
    title = "Ceph",
    howpublished = "\url{https://ceph.io/}",
    note = "(Accessed: 23 October 2020)"}

@misc{tangoarchiver,
    title = "TANGO Archiver",
    howpublished = "\url{https://tango-controls.readthedocs.io/en/latest/tools-and-extensions/archiving/HDB++.html}",
    note = "(Accessed: 26 October 2020)"} 

@misc{ryantxu-ajax-panel,
    title = "AJAX Panel for Grafana",
    howpublished = "\url{https://grafana.com/grafana/plugins/ryantxu-ajax-panel}",
    note = "(Accessed: 26 October 2020)"} 

@misc{tango-rest,
    title = "TANGO Rest-api",
    howpublished = "\url{https://tango-controls.readthedocs.io/en/latest/development/advanced/rest-api.html}",
    note = "(Accessed: 26 October 2020)"} 
    
@inproceedings{10.1117/12.2314056,
author = {Mauro Dolci and Matteo Canzari and Matteo Di Carlo and Riccardo Smareglia},
title = {{Achieving a rolled-up view of SKA TM health status and state: definition and analysis of aggregation methods}},
volume = {10704},
booktitle = {Observatory Operations: Strategies, Processes, and Systems VII},
editor = {Alison B. Peck and Robert L. Seaman and Chris R. Benn},
organization = {International Society for Optics and Photonics},
publisher = {SPIE},
pages = {182 -- 191},
keywords = {Monitoring, Health Status, State, Data aggregation, Dependability, SKA, SKA Telescope Manager},
year = {2018},
doi = {10.1117/12.2314056},
URL = {https://doi.org/10.1117/12.2314056}
}

@misc{cors,
    title = "Cross-Origin Resource Sharing",
    howpublished = "\url{https://developer.mozilla.org/it/docs/Web/HTTP/CORS}",
    note = "(Accessed: 27 October 2020)"} 
