%% report.bib - contains BiBtex input for bibliography

@misc{tango-controls,
    title = "TANGO-controls framework",
    howpublished = "\url{https://www.tango-controls.org/}",
    note = "(Accessed: 5 October 2020)" }

@misc{CI,
    author = "Martin Fowler", 
    title = "Continuous Integration",
    howpublished = "\url{https://martinfowler.com/articles/continuousIntegration.html}",
    note = "(Accessed: 5 October 2020)" }

@book{CD, 
	author = "J. Humble, D. Farley", 
	title  = "Continuous Delivery: Reliable Software Releases Through Build, Test, and Deployment Automation", 
	publisher= "Addison-Wesley Professional", 
	ISBN= "9780321601919",
	year= "2010"}
	
@book{DevOps, 
	author = "G. Kim at all", 
	title  = "The DevOps Handbook: How to Create World-Class Agility, Reliability, and Security in Technology Organizations", 
	ISBN= "9781942788003",
	year= "2016"}

@misc{kubernetes,
    title = "Kubernetes",
    howpublished = "\url{https://kubernetes.io/}",
    note = "(Accessed: 12 October 2020)"}

@misc{nexus,
    title = "Nexus",
    howpublished = "\url{https://www.sonatype.com/nexus/repository-pro}",
    note = "(Accessed: 3 November 2020)"}

@misc{elastcsearch,
    title = "Elasticsearch",
    howpublished = "\url{https://www.elastic.co/}",
    note = "(Accessed: 3 November 2020)"}

@misc{prometheus,
    title       = "Prometheus",
    howpublished = "\url{https://prometheus.io}",
    note         = "(Accessed: 4 November 2020)"}

    @misc{ceph,
    title       = "Ceph Storage",
    howpublished = "\url{https://ceph.io/}",
    note         = "(Accessed: 4 November 2020)"}

@misc{helm,
    title = "Helm",
    howpublished = "\url{https://helm.sh}",
    note = "(Accessed: 5 October 2020)"}

@misc{gitlab,
    title = "Gitlab",
    howpublished = "\url{https://gitlab.com/}",
    note = "(Accessed: 7 October 2020)"}
    
@misc{ansible,
    title = "Ansible",
    howpublished = "\url{https://www.ansible.com/}",
    note = "(Accessed: 5 October 2020)"}

@misc{SKAMPI,
    title = "SKAMPI - SKA Mvp Prototype Integration",
    howpublished = "\url{https://developer.skatelescope.org/projects/skampi/en/latest/index.html}",
    note = "(Accessed: 12 October 2020)"}
	
@misc{ska-tango-images,
    title = "ska-tango-images repository",
    howpublished = "\url{https://gitlab.com/ska-telescope/ska-tango-images}",
    note = "(Accessed: 5 October 2020)"}
    
@inproceedings{webjive, 
	author = "M. Canzari", 
	title  = "Three wishes for one engineer: Tell us how to make the WebJive Suite satisfying to your needs", 
	series = "Proc. SPIE", 
	year   = "2020"	} 
	
@misc{hdb,
    title = "HDB++ ",
    howpublished = "\url{https://tango-controls.readthedocs.io/en/latest/tools-and-extensions/archiving/HDB++.html}",
    note = "(Accessed: 12 October 2020)"}